@article{Paterek2007Improving,
  title=  {Improving regularized singular value decomposition for collaborative filtering},
  author= {Paterek, Arkadiusz},
  journal=  {Proceedings of Kdd Cup Workshop},
  year= {2007},
}

@book{Aggarwal2016Neighborhood,
  title={Neighborhood-Based Collaborative Filtering},
  author={Aggarwal, Charu C.},
  publisher={Springer International Publishing},
  year={2016},
}

@article{Koren2009Matrix,
  title={Matrix Factorization Techniques for Recommender Systems},
  author={Koren, Yehuda and Bell, Robert and Volinsky, Chris},
  journal={Computer},
  volume={42},
  number={8},
  pages={30-37},
  year={2009},
}

@article{Linden2003Amazon,
  title={Amazon.com Recommendations: Item-to-Item Collaborative Filtering},
  author={Linden, Greg and Smith, Brent and York, Jeremy},
  journal={IEEE Internet Computing},
  volume={7},
  number={1},
  pages={76-80},
  year={2003},
}